@inproceedings{huo2016learning,
  title={Learning Unified Features from Natural and Programming Languages for Locating Buggy Source Code},
  author={Huo, Xuan and Li, Ming and Zhou, Zhi-Hua},
  booktitle={Proceedings of the 25th International Joint Conference on Artificial Intelligence},
  address = {New York, NY, USA},
  pages={1606--1612},
  year={2016},
}

@inproceedings{SahaLKP14,
  author    = {Ripon K. Saha and
               Julia Lawall and
               Sarfraz Khurshid and
               Dewayne E. Perry},
  title     = {On the Effectiveness of Information Retrieval Based Bug Localization
               for {C} Programs},
  booktitle = {30th {IEEE} International Conference on Software Maintenance and Evolution,
               Victoria, BC, Canada, September 29 - October 3, 2014},
  pages     = {161--170},
  year      = {2014}
}

@article{XiaLPNW16,
  author    = {Xin Xia and
               David Lo and
               Sinno Jialin Pan and
               Nachiappan Nagappan and
               Xinyu Wang},
  title     = {{HYDRA:} Massively Compositional Model for Cross-Project Defect Prediction},
  journal   = {{IEEE} Trans. Software Eng.},
  volume    = {42},
  number    = {10},
  pages     = {977--998},
  year      = {2016}
}

@inproceedings{WangLT16,
  author    = {Song Wang and
               Taiyue Liu and
               Lin Tan},
  title     = {Automatically learning semantic features for defect prediction},
  booktitle = {Proceedings of the 38th International Conference on Software Engineering,
               {ICSE} 2016, Austin, TX, USA, May 14-22, 2016},
  pages     = {297--308},
  year      = {2016}
}

@inproceedings{YangLXZS15,
  author    = {Xinli Yang and
               David Lo and
               Xin Xia and
               Yun Zhang and
               Jianling Sun},
  title     = {Deep Learning for Just-in-Time Defect Prediction},
  booktitle = {2015 {IEEE} International Conference on Software Quality, Reliability
               and Security, {QRS} 2015, Vancouver, BC, Canada, August 3-5, 2015},
  pages     = {17--26},
  year      = {2015}
}

@inproceedings{0004CC17,
  author    = {Jin Guo and
               Jinghui Cheng and
               Jane Cleland{-}Huang},
  title     = {Semantically enhanced software traceability using deep learning techniques},
  booktitle = {Proceedings of the 39th International Conference on Software Engineering,
               {ICSE} 2017, Buenos Aires, Argentina, May 20-28, 2017},
  pages     = {3--14},
  year      = {2017}
}

@inproceedings{LeeHLKJ17,
  author    = {Sunro Lee and
               Min{-}Jae Heo and
               Chan{-}Gun Lee and
               Milhan Kim and
               Gaeul Jeong},
  title     = {Applying deep learning based automatic bug triager to industrial projects},
  booktitle = {Proceedings of the 2017 11th Joint Meeting on Foundations of Software
               Engineering, {ESEC/FSE} 2017, Paderborn, Germany, September 4-8, 2017},
  pages     = {926--931},
  year      = {2017}
}

@inproceedings{XuYXXCL16,
  author    = {Bowen Xu and
               Deheng Ye and
               Zhenchang Xing and
               Xin Xia and
               Guibin Chen and
               Shanping Li},
  title     = {Predicting semantically linkable knowledge in developer online forums
               via convolutional neural network},
  booktitle = {Proceedings of the 31st {IEEE/ACM} International Conference on Automated
               Software Engineering, {ASE} 2016, Singapore, September 3-7, 2016},
  pages     = {51--62},
  year      = {2016}
}

@book{Goodfellow-et-al-2016,
    title={Deep Learning},
    author={Ian Goodfellow and Yoshua Bengio and Aaron Courville},
    publisher={MIT Press},
    note={\url{http://www.deeplearningbook.org}},
    year={2016}
}

@inproceedings{RaoK11,
  author    = {Shivani Rao and
               Avinash C. Kak},
  title     = {Retrieval from software libraries for bug localization: a comparative
               study of generic and composite text models},
  booktitle = {Proceedings of the 8th International Working Conference on Mining
               Software Repositories, {MSR} 2011 (Co-located with ICSE), Waikiki,
               Honolulu, HI, USA, May 21-28, 2011, Proceedings},
  pages     = {43--52},
  year      = {2011}
}

@inproceedings{zhou2012should,
  title={Where should the bugs be fixed? more accurate information retrieval-based bug localization based on bug reports},
  author={Zhou, Jian and Zhang, Hongyu and Lo, David},
  booktitle={2012 34th International Conference on Software Engineering (ICSE)},
  pages={14--24},
  year={2012},
  organization={IEEE}
}

@inproceedings{Tassey02,
  author    = {G. Tassey},
  title     = {The Economic Impacts of Inadequate Infrastructure for Software Testing},
  booktitle = {National Institute of Standards and Technology, RTI
Project, vol. 7007, no. 011, 2002},
  year      = {2002},
}

@inproceedings{lukins2008source,
  title={Source code retrieval for bug localization using latent dirichlet allocation},
  author={Lukins, Stacy K and Kraft, Nicholas A and Etzkorn, Letha H},
  booktitle={2008 15th Working Conference on Reverse Engineering},
  pages={155--164},
  year={2008},
  organization={IEEE}
}

@inproceedings{AnvikHM05,
  author    = {John Anvik and
               Lyndon Hiew and
               Gail C. Murphy},
  title     = {Coping with an open bug repository},
  booktitle = {Proceedings of the 2005 {OOPSLA} workshop on Eclipse Technology eXchange,
               {ETX} 2005, San Diego, California, USA, October 16-17, 2005},
  pages     = {35--39},
  year      = {2005}
}

@inproceedings{JonesH05,
  author    = {James A. Jones and
               Mary Jean Harrold},
  title     = {Empirical evaluation of the tarantula automatic fault-localization
               technique},
  booktitle = {20th {IEEE/ACM} International Conference on Automated Software Engineering
               {(ASE} 2005), November 7-11, 2005, Long Beach, CA, {USA}},
  pages     = {273--282},
  year      = {2005}
}

@inproceedings{KochharTL14,
  author    = {Pavneet Singh Kochhar and
               Yuan Tian and
               David Lo},
  title     = {Potential biases in bug localization: do they matter?},
  booktitle = {{ACM/IEEE} International Conference on Automated Software Engineering,
               {ASE} '14, Vasteras, Sweden - September 15 - 19, 2014},
  pages     = {803--814},
  year      = {2014}
}

@inproceedings{rao2013incremental,
  title={An incremental update framework for efficient retrieval from software libraries for bug localization.},
  author={Rao, Shivani and Medeiros, Henry and Kak, Avinash C},
  booktitle={WCRE},
  pages={62--71},
  year={2013}
}

@inproceedings{kim2014convolutional,
  title={Convolutional Neural Networks for Sentence Classification},
  author={Kim, Yoon},
  booktitle={Proceedings of Conference on Empirical Methods in Natural Language Processing},
  pages={1746--1751},
  address = {Doha, Qatar},
  year={2014},
}

@inproceedings{peters2013better,
  title={Better cross company defect prediction},
  author={Peters, Fayola and Menzies, Tim and Marcus, Andrian},
  booktitle={Proceedings of the 10th IEEE Working Conference on Mining Software Repositories},
  pages={409--418},
  year={2013},
  organization={IEEE}
}

@inproceedings{nam2013transfer,
  title={Transfer defect learning},
  author={Nam, Jaechang and Pan, Sinno Jialin and Kim, Sunghun},
  booktitle={Proceedings of the 2013 International Conference on Software Engineering},
  pages={382--391},
  year={2013},
  organization={IEEE}
}

@inproceedings{rao2011retrieval,
  title={Retrieval from software libraries for bug localization: a comparative study of generic and composite text models},
  author={Rao, Shivani and Kak, Avinash},
  booktitle={Proceedings of the 8th Working Conference on Mining Software Repositories},
  pages={43--52},
  year={2011},
  organization={ACM}
}

@inproceedings{zhou2012should,
  title={Where should the bugs be fixed?-more accurate information retrieval-based bug localization based on bug reports},
  author={Zhou, Jian and Zhang, Hongyu and Lo, David},
  booktitle={Proceedings of the 34th International Conference on Software Engineering},
  pages={14--24},
  year={2012},
  organization={IEEE Press}
}
