%% This BibTeX bibliography file was created using BibDesk.
%% http://bibdesk.sourceforge.net/

@article{abreu2009practical,
  title={A practical evaluation of spectrum-based fault localization},
  author={Abreu, Rui and Zoeteweij, Peter and Golsteijn, Rob and Van Gemund, Arjan JC},
  journal={Journal of Systems and Software},
  volume={82},
  number={11},
  pages={1780--1792},
  year={2009},
  publisher={Elsevier}
}

@article{poshyvanyk2007feature,
	Author = {Poshyvanyk, Denys and Gu{\'e}h{\'e}neuc,  Yann-Ga{\"e}l and Marcus, Andrian and Antoniol, Giuliano and Rajlich, V{\'a} Clav},
	Journal = {IEEE Transactions on Software Engineering},
	Number = {6},
	Pages = {420--432},
	Title = {Feature location using probabilistic ranking of methods based on execution scenarios and information retrieval},
	Volume = {33},
	Year = {2007}}

@inproceedings{lukins2008source,
  title={Source code retrieval for bug localization using latent dirichlet allocation},
  author={Lukins, Stacy K. and Kraft, Nicholas A. and Etzkorn, Letha H.},
  booktitle={Proceedings of 15th Working Conference on Reverse Engineering},
  address = {Antwerp, Belgium},
  pages={155--164},
  year={2008},
}

@inproceedings{zhou2012should,
	Author = {Zhou, Jian and Zhang, Hongyu and Lo, David},
	Booktitle = {Proceedings of the 34th International Conference on Software Engineering},
	Pages = {14--24},
	address = {Zurich, Switzerland},
	Title = {Where should the bugs be fixed? more accurate information retrieval-based bug localization based on bug reports},
	Year = {2012}}
	
@inproceedings{mikolov2013distributed,
	Author = {Mikolov, Tomas and Sutskever, Ilya and Chen, Kai and Corrado, Greg S and Dean, Jeff},
	Booktitle = {Advances in neural information processing systems},
	Pages = {3111--3119},
	Title = {Distributed representations of words and phrases and their compositionality},
	Year = {2013}}
	
@inproceedings{zhang2015text,
  title={Character-level convolutional networks for text classification},
  author={Zhang, Xiang and Zhao, Junbo and LeCun, Yann},
  booktitle={Advances in Neural Information Processing Systems, Montreal, Canada},
  pages={649--657},
  year={2015}
}
	
@inproceedings{johnson2015effective,
	Author = {Johnson, Rie and Zhang, Tong},
	Booktitle = {Proceedings of the Conference of the North American Chapter of the Association for Computational Linguistics: Human Language Technologies},
	Pages = {103--112},
	Title = {Effective use of word order for text categorization with convolutional neural networks},
      address = {Denver, CO, USA},
	Year = {2015}}
	
@inproceedings{mou2016convolutional,
  title={Convolutional Neural Networks over Tree Structures for Programming Language Processing},
  author={Mou, Lili and Li, Ge and Zhang, Lu and Wang, Tao and Jin, Zhi},
  booktitle={Proceedings of the 13th AAAI Conference on Artificial Intelligence},
  year={2016},
  address = {Phoenix, AZ, USA},
  pages = {1287--1293}
}

@inproceedings{lam2015combining,
	Author = {Lam, An Ngoc and Nguyen, Anh Tuan and Nguyen, Hoan Anh and Nguyen, Tien N.},
	Booktitle = {Proceedings of the 28th International Conference on Automated software Engineering},
	Title = {Combining Deep Learning with Information Retrieval to Localize Buggy Files for Bug Reports},
	Pages = {476-481},
     address = {Lincoln, NE, USA},
	Year = {2015}
}

@inproceedings{white2015toward,
	Author = {White, Martin and Vendome, Christopher and Linares-V{\'a}squez, Mario and Poshyvanyk, Denys},
	Booktitle = {Proceedings of the 12th IEEE Working Conference on Mining Software Repositories},
	Title = {Toward Deep Learning Software Repositories},
	address = {Florence, Italy},
	Year = {2015}}
	
@inproceedings{gay2009use,
	Author = {Gay, Gregory and Haiduc, Sonia and Marcus, Andrian and Menzies, Tim},
	Booktitle = {Proceedings of the 25th International Conference on Software Maintenance},
	Pages = {351--360},
      address = {Edmonton, Canada},
	Title = {On the use of relevance feedback in IR-based concept location},
	Year = {2009}}
	
@article{kim2013should,
	Author = {Kim, Dongsun and Zeller, Andreas and Tao, Yida and Kim, Sunghun},
	Journal = {IEEE Transactions on Software Engineering},
	Number = {1},
	Pages = {1},
	Publisher = {IEEE},
	Title = {Where Should We Fix This Bug? A Two-phase Recommendation Model},
	Volume = {99},
	Year = {2013}}
	
@inproceedings{ye2014learning,
     Title = {Learning to rank relevant files for bug reports using domain knowledge},
	Author = {Ye, Xin and Bunescu, Razvan C. and Liu, Chang},
	Booktitle = {Proceedings of the 22nd ACM SIGSOFT International Symposium on Foundations of Software Engineering},
	Pages = {689--699},
     address = {Hong Kong, China},	
	Year = {2014}}
	
@inproceedings{krizhevsky2012imagenet,
	Author = {Krizhevsky, Alex and Sutskever, Ilya and Hinton, Geoffrey E},
	Booktitle = {Advances in Neural Information Processing Systems},
	Pages = {1097--1105},
	Title = {Imagenet classification with deep convolutional neural networks},
	Year = {2012}}
	
@article{hinton2012improving,
	Author = {Hinton, Geoffrey E and Srivastava, Nitish and Krizhevsky, Alex and Sutskever, Ilya and Salakhutdinov, Ruslan R},
	Journal = {arXiv:1207.0580},
	Title = {Improving neural networks by preventing co-adaptation of feature detectors},
	Year = {2012}}
	
@inproceedings{rao2011retrieval,
  title={Retrieval from software libraries for bug localization: a comparative study of generic and composite text models},
  author={Rao, Shivani and Kak, Avinash},
  booktitle={Proceedings of the 8th Working Conference on Mining Software Repositories},
  pages={43--52},
  year={2011},
}

@inproceedings{saha2013improving,
	Author = {Saha, Ripon K and Lease, Matthew and Khurshid, Sarfraz and Perry, Dewayne E},
	Booktitle = {Proceedings of the 28th International Conference on Automated Software Engineering},
	Pages = {345--355},
	Title = {Improving bug localization using structured information retrieval},
     address = {Silicon Valley, CA, USA},
	Year = {2013}
}
	
@inproceedings{kim2014convolutional,
  title={Convolutional Neural Networks for Sentence Classification},
  author={Kim, Yoon},
  booktitle={Proceedings of Conference on Empirical Methods in Natural Language Processing},
  pages={1746--1751},
  address = {Doha, Qatar},
  year={2014},
}

@article{zhou2006training,
  title={Training cost-sensitive neural networks with methods addressing the class imbalance problem},
  author={Zhou, Zhi-Hua and Liu, Xu-Ying},
  journal={IEEE Transactions on Knowledge and Data Engineering},
  volume={18},
  number={1},
  pages={63--77},
  year={2006},
  publisher={IEEE}
}

@inproceedings{fischer2003populating,
	Author = {Fischer, Michael and Pinzger, Martin and Gall, Harald},
	Booktitle = {Proceedings of the 19th International Conference on Software Maintenance},
	Pages = {23--32},
	Title = {Populating a release history database from version control and bug tracking systems},
	address = {Amsterdam, The Netherlands},
	Year = {2003}}
	
@inproceedings{collobert2008unified,
  title={A unified architecture for natural language processing: Deep neural networks with multitask learning},
  author={Collobert, Ronan and Weston, Jason},
  booktitle={Proceedings of the 25th international conference on Machine learning},
  pages={160--167},
  year={2008},
}
	
@inproceedings{binkley2014orbs,
  title={ORBS: Language-independent program slicing},
  author={Binkley, David and Gold, Nicolas and Harman, Mark and Islam, Syed and Krinke, Jens and Yoo, Shin},
  booktitle={Proceedings of the 22nd ACM SIGSOFT International Symposium on Foundations of Software Engineering},
  pages={109--120},
  year={2014},
} 

@inproceedings{wang2014version,
  title={Version history, similar report, and structure: putting them together for improved bug localization},
  author={Wang, Shaowei and Lo, David},
  booktitle={Proceedings of the 22nd International Conference on Program Comprehension},
  pages={53--63},
  address = {Hyderabad, India},
  year={2014},
}

@inproceedings{huo2016learning,
  title={Learning Unified Features from Natural and Programming Languages for Locating Buggy Source Code},
  author={Huo, Xuan and Li, Ming and Zhou, Zhi-Hua},
  booktitle={Proceedings of the 25th International Joint Conference on Artificial Intelligence},
  address = {New York, NY, USA},
  pages={1606--1612},
  year={2016},
}

@inproceedings{Hochreiter1977long,
  title={Long short-term memory},
  author={Sepp, Hochreiter and Juergen, Schmidhuber},
  booktitle={Proceedings of the 25th International Joint Conference on Artificial Intelligence},
  pages={1606--1612},
  address={Cambridge, MA, USA},
  year={1977},
}

@inproceedings{Donahue2015long,
  title={Long-term recurrent convolutional networks for visual recognition and description},
  author={Donahue, Jeff and  Hendricks, Lisa Anne and Guadarrama, Sergio and Rohrbach, Marcus and Venugopalan, Subhashini and Darrell, Trevor and Saenko, Kate},
  booktitle={Proceedings of IEEE Conference on Computer Vision and Pattern Recognition},
  pages={2625--2634},
  year={2015},
  address={Boston, MA, USA},
}
  
@inproceedings{sutskever2014sequence,
  title={Sequence to Sequence Learning with Neural Networks},
  author={Sutskever, Ilya and Vinyals, Oriol and V. Le, Quoc},
  booktitle={Advances in Neural Information Processing},
  pages={3104--3112},
  year={2014},
  address={Montreal, Canada},
}

@article{graves2012supervised,
  title={Supervised Sequence Labelling with Recurrent Neural Networks},
  author={Graves, Alex},
  journal={Studies in Computational Intelligence},
  volume={385},
  pages={1--131},
  year={2012},
  publisher={Springer}
}

@inproceedings{Mikolov2010recurrent,
  title={Recurrent neural network based language model},
  author={Mikolov, Tomas and Karafi¨¢t, Martin and  Burget, Luk¨¢s and Cernocky, Jan and Khudanpur, Sanjeev},
  booktitle={Proceedings of the 11th Annual Conference of the International Speech Communication Association},
  pages={1045--1048},
  year={2010},
  address={Makuhari, Japan},
}

@inproceedings{zhou2015clstm,
  title={A C-LSTM Neural Network for Text Classification},
  author={Zhou, Chunting and Sun, Chonglin and Liu, Zhiyuan and Lau, Francis},
  booktitle={ arXiv:1511.08630},
  year={2015},
}

@article{zaremba2014learning,
  title={Learning to execute},
  author={Zaremba, Wojciech and Sutskever, Ilya},
  journal={ arXiv/1410.4615},
  year={2014}
}

@inproceedings{kochhar2016practitioners,
  title={Practitioners' expectations on automated fault localization},
  author={Kochhar, Pavneet Singh and Xia, Xin and Lo, David and Li, Shanping},
  booktitle={Proceedings of the 25th International Symposium on Software Testing and Analysis},
  pages={165--176},
  year={2016}
}





